<record><leader>00000cas a22000007a 4500</leader><controlfield tag="001">11636530</controlfield><controlfield tag="008">850130d185u1856cauuu ne      0    0eng d</controlfield><datafield ind1=" " ind2=" " tag="010"><subfield code="a">sn 85025303 </subfield></datafield><datafield ind1=" " ind2=" " tag="040"><subfield code="a">NPX</subfield><subfield code="b">eng</subfield><subfield code="c">NPX</subfield><subfield code="d">OCLCQ</subfield></datafield><datafield ind1=" " ind2=" " tag="042"><subfield code="a">msc</subfield></datafield><datafield ind1="0" ind2=" " tag="130"><subfield code="a">Morning globe (San Francisco, Calif. : Steamer)</subfield></datafield><datafield ind1="1" ind2="4" tag="245"><subfield code="a">The morning globe.</subfield></datafield><datafield ind1=" " ind2=" " tag="250"><subfield code="a">Steamer ed.</subfield></datafield><datafield ind1=" " ind2=" " tag="260"><subfield code="a">San Francisco, Calif. :</subfield><subfield code="b">Porter, Thorne &amp; Co.</subfield></datafield><datafield ind1=" " ind2=" " tag="300"><subfield code="a">v.</subfield></datafield><datafield ind1=" " ind2=" " tag="310"><subfield code="a">Frequncy unknown</subfield></datafield><datafield ind1="1" ind2=" " tag="362"><subfield code="a">Ceased in 1856.</subfield></datafield><datafield ind1=" " ind2=" " tag="500"><subfield code="a">"For circulation in the Atlantic States and Europe."</subfield></datafield><datafield ind1=" " ind2=" " tag="500"><subfield code="a">Publishers: Moody &amp; Co., 1856; Porter, Thorne &amp; Co., 1856.</subfield></datafield><datafield ind1=" " ind2=" " tag="588"><subfield code="a">Description based on: Vol. 1, no. 163 (Sept. 19, 1856).</subfield></datafield><datafield ind1=" " ind2=" " tag="752"><subfield code="a">United States</subfield><subfield code="b">California</subfield><subfield code="c">San Francisco</subfield><subfield code="d">San Francisco.</subfield></datafield><datafield ind1="0" ind2=" " tag="775"><subfield code="t">Morning globe (San Francisco, Calif. : Daily)</subfield><subfield code="w">(DLC)sn 82016439</subfield></datafield><datafield ind1="0" ind2="0" tag="785"><subfield code="t">Steamer globe</subfield><subfield code="w">(DLC)sn 85025304</subfield></datafield></record>